@book{cuerpos,
    author = {José F. Fernando, J. Manuel Gamboa},
    year = {2022},
    title = {Ecuaciones Algebraicas: Extensiones de Cuerpos y Teoría de Galois},
    publisher = {Sanz y Torres}
}
@book{grupos,
    author = {José F. Fernando, J. Manuel Gamboa},
    year = {2021},
    title = {Estructuras Algebraicas: Teoría Elemental de Grupos},
    publisher = {Sanz y Torres}
}

@book{anillos,
    author = {José F. Fernando, J. Manuel Gamboa},
    year = {2021},
    title = {Estructuras Algebraicas: Divisibilidad en Anillos Conmutativos},
    publisher = {Sanz y Torres}
}
